@inproceedings{kernighan1990spelling,
  title={A spelling correction program based on a noisy channel model},
  author={Kernighan, Mark D and Church, Kenneth W and Gale, William A},
  booktitle={Proceedings of the 13th Conference on Computational Linguistics-Volume 2},
  pages={205--210},
  year={1990}
}

@inproceedings{brill2000improved,
  title={An improved error model for noisy channel spelling correction},
  author={Brill, Eric and Moore, Robert C},
  booktitle={Proceedings of the 38th Annual Meeting of the Association for Computational Linguistics},
  pages={286--293},
  year={2000}
}

@inproceedings{ahmad2005learning,
  title={Learning a spelling error model from search query logs},
  author={Ahmad, Farooq and Kondrak, Grzegorz},
  booktitle={Proceedings of the Conference on Human Language Technology and Empirical Methods in Natural Language Processing},
  pages={955--962},
  year={2005}
}

@article{takahashiNLP2015,
  title={仮名漢字変換ログを用いた単語分割の精度向上},
  author={高橋文彦 and 森信介},
  journal={言語処理学会第 21 回年次大会},
  pages={852-855},
  year={2015}
}

@inproceedings{aramakiNLP2010,
  title     = {TYPO Writer: ヒトはどのように打ち間違えるのか？},
  author    = {荒牧 英治 and 宇野 良子 and 岡 瑞起},
  booktitle = {言語処理学会第 16 回年次大会予稿集},
  pages     = {966-969},
  year      = {2010}
}

@book{simpleenglish,
  title={Basic English: A general introduction with rules and grammar},
  author={Charles Kay Ogden},
  publisher={London: Paul Treber \& Co., Ltd.},
  year={1930}
}

@misc{wordsmith,
  title={Wordsmith},
  author={automatedinsights},
  url={http://automatedinsights.com/}
}

@inproceedings{voncaptcha2004,
  title={Labeling images with a computer game},
  author={Von Ahn, Luis and Dabbish, Laura},
  booktitle={Proceedings of the SIGCHI conference on Human factors in computing systems},
  pages={319--326},
  year={2004},
  organization={ACM}
}

@article{vonrecaptcha2008,
  title={recaptcha: Human-based character recognition via web security measures},
  author={Von Ahn, Luis and Maurer, Benjamin and McMillen, Colin and Abraham, David and Blum, Manuel},
  journal={Science},
  volume={321},
  number={5895},
  pages={1465--1468},
  year={2008},
  publisher={American Association for the Advancement of Science}
}

@article{mnihNATURE2015,
    author = {Mnih, Volodymyr and Kavukcuoglu, Koray and Silver, David and Rusu, Andrei A. and Veness, Joel and Bellemare, Marc G. and Graves, Alex and Riedmiller, Martin and Fidjeland, Andreas K. and Ostrovski, Georg and Petersen, Stig and Beattie, Charles and Sadik, Amir and Antonoglou, Ioannis and King, Helen and Kumaran, Dharshan and Wierstra, Daan and Legg, Shane and Hassabis, Demis},
    day = {25},
    doi = {10.1038/nature14236},
    issn = {0028-0836},
    journal = {Nature},
    keywords = {artificial\_inteligence, control, machine\_learning, tweet},
    month = feb,
    number = {7540},
    pages = {529--533},
    posted-at = {2015-02-25 18:55:27},
    priority = {2},
    publisher = {Nature Publishing Group, a division of Macmillan Publishers Limited. All Rights Reserved.},
    title = {{Human-level control through deep reinforcement learning}},
    url = {http://dx.doi.org/10.1038/nature14236},
    volume = {518},
    year = {2015}
}

@InProceedings{kumaranCOLING2014,
  author    = {Kumaran, A  and  Densmore, Melissa  and  Kumar, Shaishav},
  title     = {Online gaming for crowd-sourcing phrase-equivalents},
  booktitle = {Proceedings of COLING 2014, the 25th International Conference on Computational Linguistics: Technical Papers},
  month     = {August},
  year      = {2014},
  pages     = {1238--1247}
}

@inproceedings{vannella2014validating,
  title={Validating and extending semantic knowledge bases using video games with a purpose},
  author={Vannella, Daniele and Jurgens, David and Scarfini, Daniele and Toscani, Domenico and Navigli, Roberto},
  booktitle={Proceedings of the 52nd Annual Meeting of the Association for Computational Linguistics},
  pages={1294--1304},
  year={2014}
}

@inproceedings{venhuizen2013gamification,
  title={Gamification for word sense labeling},
  author={Venhuizen, Noortje and Basile, Valerio and Evang, Kilian and Bos, Johan},
  booktitle={Proceedings of the 10th International Conference on Computational Semantics (IWCS-2013)},
  pages={397--403},
  year={2013}
}













@InProceedings{babaACL2012,
  author    = {Baba, Yukino  and  Suzuki, Hisami},
  title     = {How are spelling errors generated and corrected? A study of corrected and uncorrected spelling errors using keystroke logs},
  booktitle = {Proceedings of the 50th Annual Meeting of the Association for Computational Linguistics (Volume 2: Short Papers)},
  month     = {July},
  year      = {2012},
  pages     = {373--377}
}

@inproceedings{deterdingACM2011,
 author = {Deterding, Sebastian and Dixon, Dan and Khaled, Rilla and Nacke, Lennart},
 title = {From game design elements to gamefulness: Defining `` '' Gamification`` '' },
 booktitle = {Proceedings of the 15th International Academic MindTrek Conference: Envisioning Future Media Environments},
 series = {MindTrek '11},
 year = {2011},
 isbn = {978-1-4503-0816-8},
 location = {Tampere, Finland},
 pages = {9--15},
 numpages = {7},
 acmid = {2181040},
 keywords = {alternate reality games, game-based technologies, gameful design, gamefulness, games, gamification, pervasive games, play, playful design, playfulness, serious games}
} 

@misc{soumushou,
author = {総務省},
title = {平成25年通信利用動向調査},
url = {http://www.soumu.go.jp/johotsusintokei/whitepaper/ja/h26/html/nc253110.html}
}

@article{mitton2007adaptation,
  title={The adaptation of an English spellchecker for Japanese writers},
  author={Mitton, Roger and Okada, Takeshi},
  year={2007}
}

@article{wheeler1970processes,
  title={Processes in word recognition},
  author={Wheeler, Daniel D},
  journal={Cognitive Psychology},
  volume={1},
  number={1},
  pages={59--85},
  year={1970},
  publisher={Elsevier}
}

@article{cook1997l2,
  title={L2 users and English spelling},
  author={Cook, Vivian J},
  journal={Journal of Multilingual and Multicultural Development},
  volume={18},
  number={6},
  pages={474--488},
  year={1997},
  publisher={Taylor \& Francis}
}


@book{aitchison2012words,
  title={Words in the mind: An introduction to the mental lexicon},
  author={Aitchison, Jean},
  year={1994},
  publisher={John Wiley \& Sons}
}

@BOOK{texbook,
   author = "Donald E. Knuth",
   title= "The {{\TeX}book}",
   publisher = "Addison-Wesley",
   year = 1984
}














